%--------Queuing network theory---------%

% BCMP theorem
@INPROCEEDINGS{BCMP,
   author = {F. Baskett and K.M. Chandy and R.R. Muntz and F.G. Palacios},
   title  = {\textit{Open, Closed and Mixed Networks of Queues with Different Classes of Customers}},
   year   =  {April 1975},
   organization = {J. ACM}
}

% AMVA algorithm
@BOOK{AMVA,
  AUTHOR =       {G. Balbo and S.C. Bruell and L. Cerchio and D. Chialberto and L. Molinatti},
  TITLE =        {Mean value analysis of closed load dependent queueing networks},
  PUBLISHER =    {Dipartimento di Informatica, Università di Torino},
  YEAR =         {Oct. 1981},
}

% MVA algorithm
@INPROCEEDINGS{MVA,
   author = {M. Reiser and S.S. Lavenberg },
   title  = {\textit{Mean-Value Analysis of Closed Multichain Queuing Networks}},
   year   =  {April 1980},
   organization = {J. ACM, Vol 27, No 2, pp 313-322 }
}

% Little's law
@ARTICLE{Little,
 author = {John D. C. Little},
 title = {\emph{A Proof of the Queueing Formula L$=\lambda$W}},
 journal = {Operations Research},
 volume = {9},
 year = {1961},
 pages = {383--387},
}

% Lazowska
@BOOK{Lazowska,
 author={E.D. Lazowska and J. Zahorjan and G.S. Graham and K. Sevcik},
 title={\textit{Quantitative System Performance}},
 publisher={Prentice-Hall},
 year={1984}
}

% Convex Polytopes
@INPROCEEDINGS{polytopes,
  author = {G. Casale and G. Serazzi},
  title = {Bottlenecks Identification in Multiclass Queueing Networks using
	Convex Polytopes},
  booktitle = {Proc. of IEEE MASCOTS Symposium},
  year = {2004},
  pages = {223--230},
  publisher = {IEEE Press}
}


@ARTICLE{CasZS07,
  author = {G.~Casale and E.Z.~Zhang and E.~Smirni},
  title = {Characterization of Moments and Autocorrelation in {MAP}s},
  journal = {ACM Perf. Eval. Rev., Special Issue on MAMA Workshop},
  year = {2007},
  volume = {35},
  pages = {27--29},
  number = {1}
}


%--------------Simulation---------------%

% Discrete event simulation
@BOOK{DESimulation,
 author={J. Banks and J. Carson},
 title={Discrete-Event System Simulation },
 publisher={Prentice-Hall},
 year={1984}
}

% Spectral Analysis
@article{Spectral,
  author    = {P. Heidelberger and
               P.D. Welch},
  title     = {\textit{A Spectral Method for Confidence Interval Generation and
               Run Length Control in Simulations}},
  journal   = {Commun. ACM},
  volume    = {24},
  number    = {4},
  year      = {1981},
  pages     = {233-245}
}

% Mersenne Twister - Random Number Generator
@article{Mersenne,
 address = {New York, NY, USA},
 author = {Matsumoto, Makoto   and Nishimura, Takuji  },
 citeulike-article-id = {611171},
 doi = {10.1145/272991.272995},
 issn = {1049-3301},
 journal = {ACM Trans. Model. Comput. Simul.},
 keywords = {algorithms informatics statistics},
 month = {January},
 number = {1},
 pages = {3--30},
 priority = {1},
 publisher = {ACM Press},
 title = {Mersenne twister: a 623-dimensionally equidistributed uniform pseudo-random number generator},
 url = {http://dx.doi.org/10.1145/272991.272995},
 volume = {8},
 year = {1998}
}

@INPROCEEDINGS{qest06jmt,
	author = {M. Bertoli and G. Casale and G. Serazzi},
	title  ={Java Modelling Tools: an Open Source Suite for Queueing Network Modelling and Workload Analysis},
	year = {2006},
	pages = {119-120},
	booktitle = {Proceedings of QEST 2006 Conference},
	month = {Sep},
	address = {Riverside, US},
	publisher = {IEEE Press}
}
